@book{ashby1952design,
  title={Design for a Brain: The Origin of Adaptive Behavior},
  author={Ashby, W. Ross},
  year={1952},
  publisher={Wiley}
}

@book{ashby1956introduction,
  title={An Introduction to Cybernetics},
  author={Ashby, W. Ross},
  year={1956},
  publisher={Chapman \& Hall}
}

@book{axelrod1984evolution,
  title={The Evolution of Cooperation},
  author={Axelrod, Robert},
  year={1984},
  publisher={Basic Books}
}

@article{axelrod1981evolution,
  title={The evolution of cooperation},
  author={Axelrod, Robert and Hamilton, William D.},
  journal={Science},
  volume={211},
  number={4489},
  pages={1390--1396},
  year={1981},
  publisher={American Association for the Advancement of Science},
  doi={10.1126/science.7466396}
}

@book{baldwin2000design,
  title={Design Rules: The Power of Modularity},
  author={Baldwin, Carliss Y and Clark, Kim B},
  volume={1},
  year={2000},
  publisher={MIT Press}
}

@book{barabasi2002linked,
  title={Linked: The New Science of Networks},
  author={Barab{\'a}si, Albert-L{\'a}szl{\'o}},
  year={2002},
  publisher={Perseus Publishing}
}

@article{bass2012scalable,
  title={Scalable architectures: A practical guide to designing high-performance systems},
  author={Bass, Tom and Jozwiak, Steven},
  journal={Queue},
  volume={10},
  number={5},
  pages={20--37},
  year={2012},
  publisher={ACM},
  doi={10.1145/2246356.2246365}
}

@book{beer1972brain,
  title={Brain of the Firm: The Managerial Cybernetics of Organization},
  author={Beer, Stafford},
  year={1972},
  publisher={Wiley}
}

@inproceedings{beni1989swarm,
  title={Swarm intelligence in cellular robotic systems},
  author={Beni, Gerardo and Wang, Jing},
  booktitle={Proceedings of NATO Advanced Workshop on Robots and Biological Systems},
  pages={703--712},
  year={1989}
}

@inproceedings{devlin2019bert,
  title={BERT: Pre-training of deep bidirectional transformers for language understanding},
  author={Devlin, Jacob and Chang, Ming-Wei and Lee, Kenton and Toutanova, Kristina},
  booktitle={Proceedings of the 2019 Conference of the North American Chapter of the Association for Computational Linguistics},
  pages={4171--4186},
  year={2019},
  doi={10.18653/v1/N19-1423}
}

@book{blackmore1999meme,
  title={The Meme Machine},
  author={Blackmore, Susan},
  year={1999},
  publisher={Oxford University Press}
}

@article{bohme2015bitcoin,
  title={Bitcoin: Economics, technology, and governance},
  author={B{\"o}hme, Rainer and Christin, Nicolas and Edelman, Benjamin and Moore, Tyler},
  journal={Journal of Economic Perspectives},
  volume={29},
  number={2},
  pages={213--238},
  year={2015},
  publisher={American Economic Association},
  doi={10.1257/jep.29.2.213}
}

@book{bonabeau1999swarm,
  title={Swarm Intelligence: From Natural to Artificial Systems},
  author={Bonabeau, Eric and Dorigo, Marco and Theraulaz, Guy},
  year={1999},
  publisher={Oxford University Press}
}

@inproceedings{bonneau2015sok,
  title={SoK: Research perspectives and challenges for Bitcoin and cryptocurrencies},
  author={Bonneau, Joseph and Miller, Andrew and Clark, Jeremy and Narayanan, Arvind and Kroll, Joshua A and Felten, Edward W},
  booktitle={2015 IEEE Symposium on Security and Privacy},
  pages={104--121},
  year={2015},
  doi={10.1109/SP.2015.14}
}

@book{boyd1987discourse,
  title={A Discourse on Winning and Losing},
  author={Boyd, John R.},
  year={1987},
  publisher={Air University Press}
}

@book{brynjolfsson2014second,
  title={The Second Machine Age: Work, Progress, and Prosperity in a Time of Brilliant Technologies},
  author={Brynjolfsson, Erik and McAfee, Andrew},
  year={2014},
  publisher={W. W. Norton \& Company}
}

@misc{buterin2014ethereum,
  title={A Next-Generation Smart Contract and Decentralized Application Platform},
  author={Buterin, Vitalik},
  year={2014},
  note={Ethereum whitepaper}
}

@book{camazine2001self,
  title={Self-Organization in Biological Systems},
  author={Camazine, Scott and Deneubourg, Jean-Louis and Franks, Nigel R and Sneyd, James and Theraulaz, Guy and Bonabeau, Eric},
  year={2001},
  publisher={Princeton University Press}
}

@book{capra1996web,
  title={The Web of Life: A New Scientific Understanding of Living Systems},
  author={Capra, Fritjof},
  year={1996},
  publisher={Anchor Books}
}

@book{castells2000network,
  title={The Rise of the Network Society},
  author={Castells, Manuel},
  edition={2nd},
  year={2000},
  publisher={Blackwell}
}

@book{castells2009communication,
  title={Communication Power},
  author={Castells, Manuel},
  year={2009},
  publisher={Oxford University Press}
}

@article{catalini2016simple,
  title={Some simple economics of the blockchain},
  author={Catalini, Christian and Gans, Joshua S},
  journal={Communications of the ACM},
  volume={59},
  number={7},
  pages={38--42},
  year={2016},
  doi={10.1145/2952142}
}

@article{cerf1974protocol,
  title={A protocol for packet network intercommunication},
  author={Cerf, Vinton G and Kahn, Robert E},
  journal={IEEE Transactions on Communications},
  volume={22},
  number={5},
  pages={637--648},
  year={1974},
  doi={10.1109/TCOM.1974.1092259}
}

@book{chesbrough2006open,
  title={Open Innovation: The New Imperative for Creating and Profiting from Technology},
  author={Chesbrough, Henry W},
  year={2006},
  publisher={Harvard Business School Press}
}

@article{christidis2016blockchains,
  title={Blockchains and smart contracts for the Internet of Things},
  author={Christidis, Konstantinos and Devetsikiotis, Michael},
  journal={IEEE Access},
  volume={4},
  pages={2292--2303},
  year={2016},
  doi={10.1109/ACCESS.2016.2566339}
}

@article{clark1988darpa,
  title={The design philosophy of the DARPA Internet protocols},
  author={Clark, David D},
  journal={ACM SIGCOMM Computer Communication Review},
  volume={18},
  number={4},
  pages={106--114},
  year={1988},
  doi={10.1145/52324.52336}
}

@book{cormen2009algorithms,
  title={Introduction to Algorithms},
  author={Cormen, Thomas H and Leiserson, Charles E and Rivest, Ronald L and Stein, Clifford},
  edition={3rd},
  year={2009},
  publisher={MIT Press}
}

@book{davenport2016only,
  title={Only Humans Need Apply: Winners and Losers in the Age of Smart Machines},
  author={Davenport, Thomas H and Kirby, Julia},
  year={2016},
  publisher={Harper Business}
}

@book{darwin1859origin,
  title={On the Origin of Species by Means of Natural Selection},
  author={Darwin, Charles},
  year={1859},
  publisher={John Murray}
}

@book{dawkins1976selfish,
  title={The Selfish Gene},
  author={Dawkins, Richard},
  year={1976},
  publisher={Oxford University Press}
}

@book{dawkins2006selfish,
  title={The Selfish Gene},
  author={Dawkins, Richard},
  edition={30th Anniversary},
  year={2006},
  publisher={Oxford University Press}
}

@inproceedings{decker2013bitcoin,
  title={Information propagation in the Bitcoin network},
  author={Decker, Christian and Wattenhofer, Roger},
  booktitle={IEEE P2P 2013 Proceedings},
  pages={1--10},
  year={2013},
  doi={10.1109/P2P.2013.6688704}
}

@book{dennett1995darwin,
  title={Darwin's Dangerous Idea: Evolution and the Meanings of Life},
  author={Dennett, Daniel C},
  year={1995},
  publisher={Simon \& Schuster}
}

@techreport{deering1998ipv6,
  title={Internet Protocol, Version 6 (IPv6) Specification},
  author={Deering, Steve and Hinden, Robert},
  institution={Internet Engineering Task Force (IETF)},
  year={1998},
  doi={10.17487/RFC2460}
}

@book{defilippi2018blockchain,
  title={Blockchain and the Law: The Rule of Code},
  author={De Filippi, Primavera and Wright, Aaron},
  year={2018},
  publisher={Harvard University Press}
}

@book{dejong2006evolutionary,
  title={Evolutionary Computation: A Unified Approach},
  author={De Jong, Kenneth A},
  year={2006},
  publisher={MIT Press}
}

@book{edelman1987neural,
  title={Neural Darwinism: The Theory of Neuronal Group Selection},
  author={Edelman, Gerald M},
  year={1987},
  publisher={Basic Books}
}

@book{engelbrecht2005fundamentals,
  title={Fundamentals of Computational Swarm Intelligence},
  author={Engelbrecht, Andries P},
  year={2005},
  publisher={Wiley}
}

@book{floridi2014fourth,
  title={The Fourth Revolution: How the Infosphere is Reshaping Human Reality},
  author={Floridi, Luciano},
  year={2014},
  publisher={Oxford University Press}
}

@book{fogel1998evolutionary,
  title={Evolutionary Computation: Toward a New Philosophy of Machine Intelligence},
  author={Fogel, David B},
  year={1998},
  publisher={IEEE Press}
}

@inproceedings{garay2015bitcoin,
  title={The Bitcoin backbone protocol: Analysis and applications},
  author={Garay, Juan and Kiayias, Aggelos and Leonardos, Nikos},
  booktitle={Annual International Conference on the Theory and Applications of Cryptographic Techniques},
  pages={281--310},
  year={2015},
  doi={10.1007/978-3-662-46803-6_10}
}

@article{gans2018blockchain,
  title={Blockchain and the economics of cryptocurrency},
  author={Gans, Joshua S and Catalini, Christian},
  journal={Journal of Economic Perspectives},
  volume={32},
  number={4},
  pages={83--104},
  year={2018},
  doi={10.1257/jep.32.4.83}
}

@book{gawer2002platform,
  title={Platform Leadership: How Intel, Microsoft, and Cisco Drive Industry Innovation},
  author={Gawer, Annabelle and Cusumano, Michael A},
  year={2002},
  publisher={Harvard Business Review Press}
}

@article{gawer2014industry,
  title={Industry platforms and ecosystem innovation},
  author={Gawer, Annabelle and Cusumano, Michael A},
  journal={Journal of Product Innovation Management},
  volume={31},
  number={3},
  pages={417--433},
  year={2014},
  doi={10.1111/jpim.12105}
}

@inproceedings{ghemawat2003google,
  title={The Google file system},
  author={Ghemawat, Sanjay and Gobioff, Howard and Leung, Shun-Tak},
  booktitle={ACM SIGOPS Operating Systems Review},
  volume={37},
  number={5},
  pages={29--43},
  year={2003},
  doi={10.1145/1165389.945450}
}

@book{gleick2011information,
  title={The Information: A History, a Theory, a Flood},
  author={Gleick, James},
  year={2011},
  publisher={Pantheon Books}
}

@book{goldberg1989genetic,
  title={Genetic Algorithms in Search, Optimization, and Machine Learning},
  author={Goldberg, David E},
  year={1989},
  publisher={Addison-Wesley}
}

@book{harari2018lessons,
  title={21 Lessons for the 21st Century},
  author={Harari, Yuval Noah},
  year={2018},
  publisher={Spiegel \& Grau}
}

@article{heylighen2007self,
  title={The self-organization of time and causality: Steps towards understanding the ultimate origin},
  author={Heylighen, Francis},
  journal={Foundations of Science},
  volume={12},
  number={2},
  pages={155--176},
  year={2007},
  doi={10.1007/s10699-007-9113-0}
}

@article{heylighen2016evolution,
  title={Evolution of memes on the network: From chain-letters to the global brain},
  author={Heylighen, Francis},
  journal={Technological Forecasting and Social Change},
  volume={114},
  pages={152--159},
  year={2016},
  doi={10.1016/j.techfore.2016.08.022}
}

@incollection{heylighen2001cybernetics,
  title={Cybernetics and second-order cybernetics},
  author={Heylighen, Francis and Joslyn, Cliff},
  booktitle={Encyclopedia of Physical Science \& Technology},
  volume={4},
  pages={155--170},
  year={2001}
}

@article{hinton2006reducing,
  title={Reducing the dimensionality of data with neural networks},
  author={Hinton, Geoffrey E and Salakhutdinov, Ruslan R},
  journal={Science},
  volume={313},
  number={5786},
  pages={504--507},
  year={2006},
  doi={10.1126/science.1127647}
}

@book{holland1975adaptation,
  title={Adaptation in Natural and Artificial Systems},
  author={Holland, John H},
  year={1975},
  publisher={MIT Press}
}

@book{holland1992adaptation,
  title={Adaptation in Natural and Artificial Systems: An Introductory Analysis with Applications to Biology, Control, and Artificial Intelligence},
  author={Holland, John H},
  year={1992},
  publisher={MIT Press}
}

@article{hwang2018design,
  title={Design of blockchain-based intelligent decision-making process for secure decision-making in smart grids},
  author={Hwang, Jin and Yoon, Byungun},
  journal={IEEE Access},
  volume={6},
  pages={40593--40608},
  year={2018},
  doi={10.1109/ACCESS.2018.2859981}
}

@book{kauffman1993origins,
  title={The Origins of Order: Self-Organization and Selection in Evolution},
  author={Kauffman, Stuart A},
  year={1993},
  publisher={Oxford University Press}
}

@inproceedings{kennedy1995particle,
  title={Particle swarm optimization},
  author={Kennedy, James and Eberhart, Russell},
  booktitle={Proceedings of the IEEE International Conference on Neural Networks},
  pages={1942--1948},
  year={1995},
  doi={10.1109/ICNN.1995.488968}
}

@book{kitchin2014data,
  title={The Data Revolution: Big Data, Open Data, Data Infrastructures and Their Consequences},
  author={Kitchin, Rob},
  year={2014},
  publisher={Sage}
}

@article{kogut1988joint,
  title={Joint ventures: Theoretical and empirical perspectives},
  author={Kogut, Bruce},
  journal={Strategic Management Journal},
  volume={9},
  number={4},
  pages={319--332},
  year={1988},
  doi={10.1002/smj.4250090403}
}

@book{lanier2010gadget,
  title={You Are Not a Gadget: A Manifesto},
  author={Lanier, Jaron},
  year={2010},
  publisher={Knopf}
}

@article{lecun2015deep,
  title={Deep learning},
  author={LeCun, Yann and Bengio, Yoshua and Hinton, Geoffrey},
  journal={Nature},
  volume={521},
  number={7553},
  pages={436--444},
  year={2015},
  doi={10.1038/nature14539}
}

@article{liu2018risks,
  title={Risks and returns of cryptocurrency},
  author={Liu, Yukun and Tsyvinski, Aleh},
  journal={The Review of Financial Studies},
  volume={32},
  number={3},
  pages={567--605},
  year={2018},
  doi={10.1093/rfs/hhy086}
}

@inproceedings{luu2016making,
  title={Making smart contracts smarter},
  author={Luu, Loi and Chu, Duc-Hiep and Olickel, Hrishi and Saxena, Prateek and Hobor, Aquinas},
  booktitle={Proceedings of the 2016 ACM SIGSAC Conference on Computer and Communications Security},
  pages={254--269},
  year={2016},
  doi={10.1145/2976749.2978309}
}

@article{madden2012databases,
  title={From databases to big data},
  author={Madden, Samuel},
  journal={IEEE Internet Computing},
  volume={16},
  number={3},
  pages={4--6},
  year={2012},
  doi={10.1109/MIC.2012.50}
}

@book{mayer2013big,
  title={Big Data: A Revolution That Will Transform How We Live, Work, and Think},
  author={Mayer-Sch{\"o}nberger, Viktor and Cukier, Kenneth},
  year={2013},
  publisher={Houghton Mifflin Harcourt}
}

@book{mayr2001evolution,
  title={What Evolution Is},
  author={Mayr, Ernst},
  year={2001},
  publisher={Basic Books}
}

@article{meunier2010modular,
  title={Modular and hierarchically modular organization of brain networks},
  author={Meunier, David and Lambiotte, Renaud and Bullmore, Edward T},
  journal={Frontiers in Neuroscience},
  volume={4},
  pages={200},
  year={2010},
  doi={10.3389/fnins.2010.00200}
}

@book{mitchell1996introduction,
  title={An Introduction to Genetic Algorithms},
  author={Mitchell, Melanie},
  year={1996},
  publisher={MIT Press}
}

@book{mitchell2009complexity,
  title={Complexity: A Guided Tour},
  author={Mitchell, Melanie},
  year={2009},
  publisher={Oxford University Press}
}

@book{morozov2011net,
  title={The Net Delusion: The Dark Side of Internet Freedom},
  author={Morozov, Evgeny},
  year={2011},
  publisher={PublicAffairs}
}

@book{mougayar2016business,
  title={The Business Blockchain: Promise, Practice, and the Application of the Next Internet Technology},
  author={Mougayar, William},
  year={2016},
  publisher={Wiley}
}

@misc{nakamoto2008bitcoin,
  title={Bitcoin: A Peer-to-Peer Electronic Cash System},
  author={Nakamoto, Satoshi},
  year={2008},
  note={Original Bitcoin whitepaper}
}

@book{narayanan2016bitcoin,
  title={Bitcoin and Cryptocurrency Technologies: A Comprehensive Introduction},
  author={Narayanan, Arvind and Bonneau, Joseph and Felten, Edward and Miller, Andrew and Goldfeder, Steven},
  year={2016},
  publisher={Princeton University Press}
}

@article{newman2003structure,
  title={The structure and function of complex networks},
  author={Newman, Mark EJ},
  journal={SIAM Review},
  volume={45},
  number={2},
  pages={167--256},
  year={2003},
  doi={10.1137/S003614450342480}
}

@article{nowak1998indirect,
  title={Evolution of indirect reciprocity by image scoring},
  author={Nowak, Martin A and Sigmund, Karl},
  journal={Nature},
  volume={393},
  number={6685},
  pages={573--577},
  year={1998},
  doi={10.1038/31225}
}

@book{olson1965logic,
  title={The Logic of Collective Action: Public Goods and the Theory of Groups},
  author={Olson, Mancur},
  year={1965},
  publisher={Harvard University Press}
}

@book{ostrom1990governing,
  title={Governing the Commons: The Evolution of Institutions for Collective Action},
  author={Ostrom, Elinor},
  year={1990},
  publisher={Cambridge University Press}
}

@incollection{peters2016blockchain,
  title={Understanding modern banking ledgers through blockchain technologies: Future of transaction processing and smart contracts on the Internet of Money},
  author={Peters, Gareth W and Panayi, Efstathios},
  booktitle={Banking Beyond Banks and Money},
  pages={239--278},
  year={2016},
  doi={10.1007/978-3-319-42448-4_13}
}

@article{pisano2008collaboration,
  title={Which kind of collaboration is right for you?},
  author={Pisano, Gary P and Verganti, Roberto},
  journal={Harvard Business Review},
  volume={86},
  number={12},
  pages={78--86},
  year={2008}
}

@misc{poon2016lightning,
  title={The Bitcoin Lightning Network: Scalable Off-Chain Instant Payments},
  author={Poon, Joseph and Dryja, Thaddeus},
  year={2016},
  note={Draft version 0.5}
}

@article{powell1990market,
  title={Neither market nor hierarchy: Network forms of organization},
  author={Powell, Walter W},
  journal={Research in Organizational Behavior},
  volume={12},
  pages={295--336},
  year={1990}
}

@article{powell1996interorganizational,
  title={Interorganizational collaboration and the locus of innovation: Networks of learning in biotechnology},
  author={Powell, Walter W and Koput, Kenneth W and Smith-Doerr, Laurel},
  journal={Administrative Science Quarterly},
  volume={41},
  number={1},
  pages={116--145},
  year={1996},
  doi={10.2307/2393988}
}

@misc{radford2019language,
  title={Language Models are Unsupervised Multitask Learners},
  author={Radford, Alec and Wu, Jeffrey and Child, Rewon and Luan, David and Amodei, Dario and Sutskever, Ilya},
  year={2019},
  note={OpenAI Blog, 1(8), 9}
}

@misc{rosenfeld2011hashrate,
  title={Analysis of hashrate-based forks},
  author={Rosenfeld, Meni},
  year={2011},
  note={Bitcoin Community Forum}
}

@book{russell2016ai,
  title={Artificial Intelligence: A Modern Approach},
  author={Russell, Stuart and Norvig, Peter},
  edition={3rd},
  year={2016},
  publisher={Pearson}
}

@article{saleh2021blockchain,
  title={Blockchain without waste: Proof-of-stake},
  author={Saleh, Fahad},
  journal={The Review of Financial Studies},
  volume={34},
  number={3},
  pages={1156--1190},
  year={2021},
  doi={10.1093/rfs/hhaa086}
}

@article{smith1981frameworks,
  title={Frameworks for cooperation in distributed problem solving},
  author={Smith, Reid G and Davis, Randall},
  journal={IEEE Transactions on Systems, Man, and Cybernetics},
  volume={11},
  number={1},
  pages={61--70},
  year={1981},
  doi={10.1109/TSMC.1981.4308581}
}

@article{stonebraker2012opportunities,
  title={New opportunities for NewSQL},
  author={Stonebraker, Michael},
  journal={Communications of the ACM},
  volume={55},
  number={11},
  pages={10--11},
  year={2012},
  doi={10.1145/2366316.2366319}
}

@misc{sutton2019bitter,
  title={The Bitter Lesson},
  author={Sutton, Richard S},
  year={2019},
  note={In Reinforcement Learning: The Good, The Bad, and The Ugly},
  url={http://incompleteideas.net/IncIdeas/BitterLesson.html}
}

@book{sutton1998reinforcement,
  title={Reinforcement Learning: An Introduction},
  author={Sutton, Richard S and Barto, Andrew G},
  year={1998},
  publisher={MIT Press}
}

@book{swan2015blockchain,
  title={Blockchain: Blueprint for a New Economy},
  author={Swan, Melanie},
  year={2015},
  publisher={O'Reilly Media}
}

@article{szabo1997formalizing,
  title={Formalizing and securing relationships on public networks},
  author={Szabo, Nick},
  journal={First Monday},
  volume={2},
  number={9},
  year={1997},
  doi={10.5210/fm.v2i9.548}
}

@book{tapscott2016blockchain,
  title={Blockchain Revolution: How the Technology Behind Bitcoin is Changing Money, Business, and the World},
  author={Tapscott, Don and Tapscott, Alex},
  year={2016},
  publisher={Penguin}
}

@book{tapscott2018blockchain,
  title={The Blockchain Revolution: How the Technology Behind Bitcoin and Other Cryptocurrencies is Changing the World},
  author={Tapscott, Don and Tapscott, Alex},
  year={2018},
  publisher={Penguin}
}

@book{tegmark2017life,
  title={Life 3.0: Being Human in the Age of Artificial Intelligence},
  author={Tegmark, Max},
  year={2017},
  publisher={Knopf}
}

@inproceedings{vaswani2017attention,
  title={Attention is all you need},
  author={Vaswani, Ashish and Shazeer, Noam and Parmar, Niki and Uszkoreit, Jakob and Jones, Llion and Gomez, Aidan N and Kaiser, Łukasz and Polosukhin, Illia},
  booktitle={Advances in Neural Information Processing Systems},
  volume={30},
  pages={5998--6008},
  year={2017}
}

@book{von2005democratizing,
  title={Democratizing Innovation},
  author={Von Hippel, Eric},
  year={2005},
  publisher={MIT Press}
}

@book{waldrop1993complexity,
  title={Complexity: The Emerging Science at the Edge of Order and Chaos},
  author={Waldrop, Mitchell M},
  year={1993},
  publisher={Simon \& Schuster}
}

@book{wiener1965cybernetics,
  title={Cybernetics: Or Control and Communication in the Animal and the Machine},
  author={Wiener, Norbert},
  edition={2nd},
  year={1965},
  publisher={MIT Press}
}

@misc{wood2014ethereum,
  title={Ethereum: A Secure Decentralized Generalized Transaction Ledger},
  author={Wood, Gavin},
  year={2014},
  note={Ethereum whitepaper}
}

@article{wright2015blockchain,
  title={Decentralized blockchain technology and the rise of lex cryptographia},
  author={Wright, Aaron and De Filippi, Primavera},
  journal={SSRN Electronic Journal},
  year={2015},
  doi={10.2139/ssrn.2580664}
}

@book{wright2017mastering,
  title={Mastering Blockchain: Unlocking the Power of Cryptocurrencies, Smart Contracts, and Decentralized Applications},
  author={Wright, Imran Bashir},
  year={2017},
  publisher={Packt Publishing}
}

@incollection{yermack2015bitcoin,
  title={Is Bitcoin a real currency? An economic appraisal},
  author={Yermack, David},
  booktitle={Handbook of Digital Currency},
  pages={31--43},
  year={2015},
  publisher={Elsevier},
  doi={10.1016/B978-0-12-802117-0.00002-4}
}

@article{zook2007creative,
  title={The creative reconstruction of the Internet: Google and the privatization of cyberspace and the reconfiguration of power},
  author={Zook, Matthew and Graham, Mark},
  journal={Geoforum},
  volume={38},
  number={6},
  pages={1322--1343},
  year={2007},
  doi={10.1016/j.geoforum.2007.05.002}
}

@article{abbott2000synaptic,
  title={Synaptic plasticity: Taming the beast},
  author={Abbott, LF and Nelson, SB},
  journal={Nature Neuroscience},
  volume={3},
  number={11s},
  pages={1178--1183},
  year={2000},
  doi={10.1038/81453}
}

@incollection{abowd1999towards,
  title={Towards a better understanding of context and context-awareness},
  author={Abowd, GD and Dey, AK and Brown, PJ and Davies, N and Smith, M and Steggles, P},
  booktitle={International Symposium on Handheld and Ubiquitous Computing},
  pages={304--307},
  year={1999},
  publisher={Springer},
  doi={10.1007/3-540-48157-5_29}
}

@inproceedings{balasubramaniyan1998architecture,
  title={An architecture for intrusion detection using autonomous agents},
  author={Balasubramaniyan, Jayaram and Garcia-Fernandez, Jose O and Isacoff, Daniel and Spafford, Eugene H and Zamboni, Diego},
  booktitle={Proceedings 14th Annual Computer Security Applications Conference},
  pages={13--24},
  year={1998},
  doi={10.1109/CSAC.1998.738628}
}

@book{ball1999self,
  title={The Self-Made Tapestry: Pattern Formation in Nature},
  author={Ball, Philip},
  year={1999},
  publisher={Oxford University Press}
}

@book{barroso2009datacenter,
  title={The Datacenter as a Computer: An Introduction to the Design of Warehouse-Scale Machines},
  author={Barroso, Luiz Andr{\'e} and H{\"o}lzle, Urs},
  year={2009},
  publisher={Morgan \& Claypool Publishers}
}

@article{bauwens2014commons,
  title={From the communism of capital to capital for the commons: Towards an open co-operativism},
  author={Bauwens, Michel and Kostakis, Vasilis},
  journal={tripleC: Communication, Capitalism \& Critique},
  volume={12},
  number={1},
  pages={356--361},
  year={2014},
  doi={10.31269/triplec.v12i1.561}
}

@inproceedings{bird2009git,
  title={The promises and perils of mining Git},
  author={Bird, Christian and Rigby, Peter C and Barr, Earl T and Hamilton, David J and German, Daniel M and Devanbu, Premkumar},
  booktitle={2009 6th IEEE International Working Conference on Mining Software Repositories},
  pages={1--10},
  year={2009},
  doi={10.1109/MSR.2009.5069475}
}

@book{bishop2006pattern,
  title={Pattern Recognition and Machine Learning},
  author={Bishop, Christopher M},
  year={2006},
  publisher={Springer}
}

@inproceedings{castro1999byzantine,
  title={Practical Byzantine fault tolerance},
  author={Castro, Miguel and Liskov, Barbara},
  booktitle={Proceedings of the Third Symposium on Operating Systems Design and Implementation},
  pages={173--186},
  year={1999},
  publisher={USENIX Association}
}

@book{chacon2014pro,
  title={Pro Git},
  author={Chacon, Scott and Straub, Ben},
  edition={2nd},
  year={2014},
  publisher={Apress},
  doi={10.1007/978-1-4842-0076-6}
}

@incollection{dewolf2005emergence,
  title={Emergence versus self-organisation: Different concepts but promising when combined},
  author={De Wolf, Tom and Holvoet, Tom},
  booktitle={International Workshop on Engineering Self-Organising Applications},
  pages={1--15},
  year={2005},
  publisher={Springer},
  doi={10.1007/11494676_1}
}

@article{denning1987intrusion,
  title={An intrusion-detection model},
  author={Denning, Dorothy E},
  journal={IEEE Transactions on Software Engineering},
  volume={SE-13},
  number={2},
  pages={222--232},
  year={1987},
  doi={10.1109/TSE.1987.232894}
}

@article{dey2001context,
  title={Understanding and using context},
  author={Dey, Anind K},
  journal={Personal and Ubiquitous Computing},
  volume={5},
  number={1},
  pages={4--7},
  year={2001},
  doi={10.1007/s007790170019}
}

@book{floridi2017logic,
  title={The Logic of Information: A Theory of Philosophy as Conceptual Design},
  author={Floridi, Luciano},
  year={2017},
  publisher={Oxford University Press}
}

@article{forrest1997immunology,
  title={Computer immunology},
  author={Forrest, Stephanie and Hofmeyr, Steven A and Somayaji, Anil},
  journal={Communications of the ACM},
  volume={40},
  number={10},
  pages={88--96},
  year={1997},
  doi={10.1145/262793.262811}
}

@book{gershenson2013self,
  title={Self-Organization Leads to Specialization: A Comparison of the Emergence of Specialization in Artificial and Biological Systems},
  author={Gershenson, Carlos},
  year={2013},
  publisher={Springer},
  doi={10.1007/978-3-642-54720-5_7}
}

@book{goodfellow2016deep,
  title={Deep Learning},
  author={Goodfellow, Ian and Bengio, Yoshua and Courville, Aaron},
  year={2016},
  publisher={MIT Press}
}

@book{gould2002structure,
  title={The Structure of Evolutionary Theory},
  author={Gould, Stephen Jay},
  year={2002},
  publisher={Harvard University Press}
}

@book{harari2015homo,
  title={Homo Deus: A Brief History of Tomorrow},
  author={Harari, Yuval Noah},
  year={2015},
  publisher={Harper}
}

@book{hebb1949organization,
  title={The Organization of Behavior: A Neuropsychological Theory},
  author={Hebb, Donald O},
  year={1949},
  publisher={John Wiley \& Sons}
}

@incollection{heylighen2007accelerating,
  title={Accelerating socio-technological evolution: From ephemeralization and stigmergy to the global brain},
  author={Heylighen, Francis},
  booktitle={Globalization as Evolutionary Process},
  pages={284--309},
  year={2007},
  publisher={Routledge}
}

@book{holland1975adaptation_michigan,
  title={Adaptation in Natural and Artificial Systems: An Introductory Analysis with Applications to Biology, Control, and Artificial Intelligence},
  author={Holland, John H},
  year={1975},
  publisher={University of Michigan Press}
}

@book{kelly1994control,
  title={Out of Control: The New Biology of Machines, Social Systems, and the Economic World},
  author={Kelly, Kevin},
  year={1994},
  publisher={Basic Books}
}

@book{kurzweil2005singularity,
  title={The Singularity is Near: When Humans Transcend Biology},
  author={Kurzweil, Ray},
  year={2005},
  publisher={Viking}
}

@book{lanier2013future,
  title={Who Owns the Future?},
  author={Lanier, Jaron},
  year={2013},
  publisher={Simon \& Schuster}
}

@article{lippmann2000darpa,
  title={The 1999 DARPA off-line intrusion detection evaluation},
  author={Lippmann, Richard P and Haines, Joshua W and Fried, David J and Korba, John and Das, Kumar},
  journal={Computer Networks},
  volume={34},
  number={4},
  pages={579--595},
  year={2000},
  doi={10.1016/S1389-1286(00)00139-0}
}

@inproceedings{madey2002opensource,
  title={The open-source software development phenomenon: An analysis based on social network theory},
  author={Madey, Gregory and Freeh, Vincent W and Tynan, Renee},
  booktitle={Proceedings of the Americas Conference on Information Systems},
  pages={1806--1813},
  year={2002}
}

@article{mcculloch1943logical,
  title={A logical calculus of the ideas immanent in nervous activity},
  author={McCulloch, Warren S and Pitts, Walter},
  journal={The Bulletin of Mathematical Biophysics},
  volume={5},
  number={4},
  pages={115--133},
  year={1943},
  doi={10.1007/BF02478259}
}

@book{moravec1999robot,
  title={Robot: Mere Machine to Transcendent Mind},
  author={Moravec, Hans},
  year={1999},
  publisher={Oxford University Press}
}

@book{nardi1999ecologies,
  title={Information Ecologies: Using Technology with Heart},
  author={Nardi, Bonnie A and O'Day, Vicki L},
  year={1999},
  publisher={MIT Press}
}

@article{nowak2004evolutionary,
  title={Evolutionary dynamics of biological games},
  author={Nowak, Martin A and Sigmund, Karl},
  journal={Science},
  volume={303},
  number={5659},
  pages={793--799},
  year={2004},
  doi={10.1126/science.1093411}
}

@inproceedings{olson2007diversity,
  title={Diversity in hardware architectures},
  author={Olson, Levi E and Hunter, Clarence},
  booktitle={2007 International Conference on Parallel and Distributed Processing Techniques and Applications},
  pages={153--159},
  year={2007},
  doi={10.1109/PDPTA.2007.12}
}

@article{ostrom2010beyond,
  title={Beyond markets and states: Polycentric governance of complex economic systems},
  author={Ostrom, Elinor},
  journal={American Economic Review},
  volume={100},
  number={3},
  pages={641--672},
  year={2010},
  doi={10.1257/aer.100.3.641}
}

@article{patcha2007overview,
  title={An overview of anomaly detection techniques: Existing solutions and latest technological trends},
  author={Patcha, Animesh and Park, Jung-Min},
  journal={Computer Networks},
  volume={51},
  number={12},
  pages={3448--3470},
  year={2007},
  doi={10.1016/j.comnet.2007.02.001}
}

@book{provost2013data,
  title={Data Science for Business: What You Need to Know About Data Mining and Data-Analytic Thinking},
  author={Provost, Foster and Fawcett, Tom},
  year={2013},
  publisher={O'Reilly Media}
}

@inproceedings{robles2012forks,
  title={A comprehensive study of software forks: Dates, reasons, and outcomes},
  author={Robles, Gregorio and Gonz{\'a}lez-Barahona, Jes{\'u}s M},
  booktitle={Proceedings of the Eighth International Conference on Open Source Systems},
  pages={1--14},
  year={2012}
}

@article{rumelhart1986learning,
  title={Learning representations by back-propagating errors},
  author={Rumelhart, David E and Hinton, Geoffrey E and Williams, Ronald J},
  journal={Nature},
  volume={323},
  number={6088},
  pages={533--536},
  year={1986},
  doi={10.1038/323533a0}
}

@article{schmidhuber2015overview,
  title={Deep learning in neural networks: An overview},
  author={Schmidhuber, J{\"u}rgen},
  journal={Neural Networks},
  volume={61},
  pages={85--117},
  year={2015},
  doi={10.1016/j.neunet.2014.09.003}
}

@incollection{scacchi2007foss,
  title={Free/open source software development: Recent research results and methods},
  author={Scacchi, Walt},
  booktitle={Advances in Computers},
  volume={69},
  pages={243--295},
  year={2007},
  publisher={Elsevier},
  doi={10.1016/S0065-2458(06)69005-9}
}

@inproceedings{schilit1994context,
  title={Context-aware computing applications},
  author={Schilit, Bill N and Adams, Norman and Want, Roy},
  booktitle={Proceedings of the 1994 First Workshop on Mobile Computing Systems and Applications},
  pages={85--90},
  year={1994},
  doi={10.1109/WMCSA.1994.16}
}

@book{silver2012signal,
  title={The Signal and the Noise: Why So Many Predictions Fail—But Some Don’t},
  author={Silver, Nate},
  year={2012},
  publisher={Penguin Press}
}

@article{simon1962architecture,
  title={The architecture of complexity},
  author={Simon, Herbert A},
  journal={Proceedings of the American Philosophical Society},
  volume={106},
  number={6},
  pages={467--482},
  year={1962},
  doi={10.1145/647970.743041}
}

@article{spinellis2005version,
  title={Version control systems},
  author={Spinellis, Diomidis},
  journal={IEEE Software},
  volume={22},
  number={5},
  pages={108--109},
  year={2005},
  doi={10.1109/MS.2005.123}
}

@book{strogatz2003sync,
  title={Sync: How Order Emerges from Chaos in the Universe, Nature, and Daily Life},
  author={Strogatz, Steven H},
  year={2003},
  publisher={Hyperion}
}

@book{sutton2018reinforcement,
  title={Reinforcement Learning: An Introduction},
  author={Sutton, Richard S and Barto, Andrew G},
  edition={2nd},
  year={2018},
  publisher={MIT Press}
}

@book{tegmark2017life,
  title={Life 3.0: Being Human in the Age of Artificial Intelligence},
  author={Tegmark, Max},
  year={2017},
  publisher={Knopf}
}

@book{thaler2008nudge,
  title={Nudge: Improving Decisions About Health, Wealth, and Happiness},
  author={Thaler, Richard H and Sunstein, Cass R},
  year={2008},
  publisher={Yale University Press}
}

@article{trivers1971reciprocal,
  title={The evolution of reciprocal altruism},
  author={Trivers, Robert L},
  journal={The Quarterly Review of Biology},
  volume={46},
  number={1},
  pages={35--57},
  year={1971},
  doi={10.1086/406755}
}

@article{turing1952morphogenesis,
  title={The chemical basis of morphogenesis},
  author={Turing, Alan M},
  journal={Philosophical Transactions of the Royal Society of London. Series B, Biological Sciences},
  volume={237},
  number={641},
  pages={37--72},
  year={1952},
  doi={10.1098/rstb.1952.0012}
}

@article{vicsek2012collective,
  title={Collective motion},
  author={Vicsek, Tam{\'a}s and Zafeiris, Anna},
  journal={Physics Reports},
  volume={517},
  number={3-4},
  pages={71--140},
  year={2012},
  doi={10.1016/j.physrep.2012.03.004}
}

@inproceedings{viglas2014sorts,
  title={Write-limited sorts and joins for persistent memory},
  author={Viglas, Stratis},
  booktitle={Proceedings of the VLDB Endowment},
  volume={7},
  number={5},
  pages={413--424},
  year={2014},
  doi={10.14778/2732269.2732272}
}

@incollection{vinge1993singularity,
  title={The coming technological singularity: How to survive in the post-human era},
  author={Vinge, Vernor},
  booktitle={Vision-21: Interdisciplinary Science and Engineering in the Era of Cyberspace},
  pages={11--22},
  year={1993},
  publisher={NASA}
}

@book{wilson2009superorganism,
  title={The Superorganism: The Beauty, Elegance, and Strangeness of Insect Societies},
  author={Wilson, Edward O and H{\"o}lldobler, Bert},
  year={2009},
  publisher={W. W. Norton \& Company}
}

@book{wolfram2002science,
  title={A New Kind of Science},
  author={Wolfram, Stephen},
  year={2002},
  publisher={Wolfram Media}
}

@article{zenke2017hebbian,
  title={Hebbian plasticity requires compensatory processes on multiple timescales},
  author={Zenke, Friedemann and Gerstner, Wulfram},
  journal={Philosophical Transactions of the Royal Society B: Biological Sciences},
  volume={372},
  number={1715},
  pages={20160259},
  year={2017},
  doi={10.1098/rstb.2016.0259}
}

@article{putnam1995bowling,
  title={Bowling alone: America's declining social capital},
  author={Putnam, Robert D},
  journal={Journal of Democracy},
  volume={6},
  number={1},
  pages={65--78},
  year={1995},
  doi={10.1353/jod.1995.0002}
}
